<?xml version="1.0" encoding="UTF-8"?><collection xmlns="http://www.loc.gov/MARC21/slim"><record><leader>00522nam--2200181-i-4500</leader><controlfield tag="001">000007656</controlfield><controlfield tag="002">20161230</controlfield><controlfield tag="005">20161230201027</controlfield><controlfield tag="008">060222s1000------------r-----000-0-fre-d</controlfield><datafield ind1=" " ind2=" " tag="040"><subfield code="a">IFIN-HH</subfield></datafield><datafield ind1=" " ind2=" " tag="041"><subfield code="a">fre</subfield></datafield><datafield ind1=" " ind2=" " tag="080"><subfield code="a">539.171</subfield></datafield><datafield ind1="1" ind2=" " tag="100"><subfield code="a">Csejthey-Barth, M</subfield></datafield><datafield ind1="1" ind2="0" tag="245"><subfield code="a">Contribution a l etude experimentale de l interaction proton-nucleon a grande energie</subfield><subfield code="b">These</subfield><subfield code="c">M. csejthey-barth</subfield></datafield><datafield ind1=" " ind2=" " tag="260"><subfield code="a">Bruxelles</subfield><subfield code="b">Universite Libre</subfield><subfield code="c">1965</subfield></datafield><datafield ind1=" " ind2=" " tag="300"><subfield code="a">III+140P</subfield></datafield><datafield ind1=" " ind2=" " tag="852"><subfield code="a">24078</subfield><subfield code="c">539.17</subfield></datafield><datafield ind1=" " ind2=" " tag="CAT"><subfield code="a">Sys</subfield><subfield code="c">20120530</subfield><subfield code="h">161614</subfield></datafield></record></collection>